<collection xmlns="http://www.loc.gov/MARC21/slim">
<record>
  <leader>00850nam0a22001931i 450 </leader>
  <controlfield tag="001">IT\ICCU\CNCE\050902</controlfield>
  <controlfield tag="005">20150910000000.0</controlfield>
  <datafield tag="100" ind1=" " ind2=" ">
    <subfield code="a">20000606d1509        0itac0103    ba</subfield>
  </datafield>
  <datafield tag="101" ind1=" " ind2=" ">
    <subfield code="a">LAT</subfield>
  </datafield>
  <datafield tag="102" ind1=" " ind2=" ">
    <subfield code="a">IT</subfield>
  </datafield>
  <datafield tag="200" ind1="1" ind2=" ">
    <subfield code="a">Capitula concessa a sacra regia maestate suo fidelissimo Sicilie regno in anno XXII indictionis MCCCCCVIII ...</subfield>
  </datafield>
  <datafield tag="210" ind1=" " ind2=" ">
    <subfield code="a">Impressum in felice ciuitate Panhormi</subfield>
    <subfield code="c">per Anselmum de Benedictis Mantuanum</subfield>
    <subfield code="d">1509 die vero mensis decembris</subfield>
  </datafield>
  <datafield tag="620" ind1=" " ind2=" ">
    <subfield code="a">IT</subfield>
    <subfield code="d">Palermo</subfield>
  </datafield>
  <datafield tag="710" ind1="0" ind2="2">
    <subfield code="a">Sicilia</subfield>
    <subfield code="c"> &lt;Regno&gt;</subfield>
    <subfield code="3">IT\ICCU\CNCA\006798</subfield>
  </datafield>
  <datafield tag="712" ind1="0" ind2="0">
    <subfield code="a">De_Benedetti, Anselmo</subfield>
    <subfield code="3">IT\ICCU\CNCT\003559</subfield>
    <subfield code="4">650</subfield>
  </datafield>
  <datafield tag="791" ind1="0" ind2="0">
    <subfield code="a">Benedictis, Anselmus de</subfield>
    <subfield code="3">IT\ICCU\CNCT\003728</subfield>
    <subfield code="z">De_Benedetti, Anselmo</subfield>
  </datafield>
  <datafield tag="791" ind1="0" ind2="0">
    <subfield code="a">De_Benedictis, Anselmus</subfield>
    <subfield code="3">IT\ICCU\CNCT\004518</subfield>
    <subfield code="z">De_Benedetti, Anselmo</subfield>
  </datafield>
  <datafield tag="801" ind1=" " ind2="3">
    <subfield code="a">IT</subfield>
    <subfield code="b">ICCU</subfield>
    <subfield code="c">20201115</subfield>
  </datafield>
  <datafield tag="899" ind1=" " ind2=" ">
    <subfield code="a">Biblioteca comunale. Petralia Soprana</subfield>
    <subfield code="1">PA0172</subfield>
    <subfield code="2">ZPA 13</subfield>
  </datafield>
</record>
</collection>
